<?xml version="1.0" encoding="UTF-8"?><collection xmlns="http://www.loc.gov/MARC21/slim"><record><leader>00463nam--2200169-i-4500</leader><controlfield tag="001">000010479</controlfield><controlfield tag="002">20161230</controlfield><controlfield tag="005">20170208172021</controlfield><controlfield tag="008">060222s1000------------r-----000-0-eng-d</controlfield><datafield ind1=" " ind2=" " tag="080"><subfield code="a">015 530.1.539.14</subfield></datafield><datafield ind1=" " ind2=" " tag="100"><subfield code="a">Almoney, Stanley Richard</subfield></datafield><datafield ind1=" " ind2=" " tag="245"><subfield code="a">An harmonic effects in sperical nuclei thesis</subfield></datafield><datafield ind1=" " ind2=" " tag="260"><subfield code="a">Ann Arbor, Michigan</subfield><subfield code="b">University Microfilmn</subfield><subfield code="c">1971</subfield></datafield><datafield ind1=" " ind2=" " tag="300"><subfield code="a">VIII+202 p</subfield></datafield><datafield ind1=" " ind2=" " tag="490"><subfield code="a">71-17,O74</subfield></datafield><datafield ind1=" " ind2=" " tag="852"><subfield code="a">37846</subfield></datafield><datafield ind1=" " ind2=" " tag="CAT"><subfield code="a">SYS</subfield><subfield code="c">20170208</subfield><subfield code="h">172021</subfield></datafield></record></collection>